@MastersThesis{Stajcar,
	author = {Matthew Stajcar},
	title = {POWER SYSTEM SIMULATION USING AN
	ADAPTIVE MODELING FRAMEWORK},
	school = {Montana Tech},
	year = {2016},
}
@book{Kundur,
	author        = {Prabha Kundur},
	title         = {Power System Stability and Control},
	year          = {1994},
	publisher     = {McGraw-Hill}
}
@book{Latexcompanion,
	author        = {Michel Goossens and Frank Mittelbach and Alexander Samarin},
	title         = {The \LaTeX\ Companion},
	year          = {1993},
	publisher     = {Addison-Wesley},
}
@book{Glover,
	author = {J. Duncan Glover and Mulukutla S. Sarma and Thomas J. Overbye},
	title = {Power System Analysis \& Design},
	date = {2012},
	edition = {5e},
	publisher = {Cengage Learning},
}
@book{VanCutsem,
	author = {Thierry {Van Cutsem} and Costas Vournas},
	title = {Voltage Stability of Electric Power Systems},
	date = {1998},
	edition = {1},
	publisher = {Springer US},
}
@book{Fouad,
	author = {P. M. Anderson and A. A. Fouad},
	title = {Power System Control and Stability},
	date = {2003},
	edition = {Second Edition},
	publisher = {Wiley-Interscience},
}
@report{SimplifiedTDsim,
	author = {Davide Fabozzi and Thierry {Van Cutsem}},
    title     = "Simplified time-domain simulation of detailed long-term dynamic models",
    institution = "IEEE Xplore",
    %type     = "", 
    %number   = "",
    %address  = "",
    year      = "2009",
    %month    = "",
    %note     = "",
}
@report{AGCaziz,
	author = {Asma Aziz and Amanullah Mto and Alex Stojsevski},
    title     = "Automatic Generation Control of Multigeneration Power System",
    institution = "Journal of Power and Energy Engineering",
    %type     = "", 
    %number   = "",
    %address  = "",
    year      = "2014",
    %month    = "",
    %note     = "",
}
@report{DonnellyVoltageControl,
	author = {Eric Heredia and Dimitry Kosterev and Matt Donnelly},
    title     = "Wind Hub Reactive Resource Coordination and Voltage Control Study by Sequence Power Flow",
    institution = "IEEE",
    %type     = "", 
    %number   = "",
    %address  = "",
    year      = "2013",
    %month    = "",
    %note     = "",
}
@report{AGCCresap,
	author = {Carson W. Taylor and R. Lee Cresap},
    title     = "Real-Time Power system Simulation for Automatic Generation Control",
    institution = "IEEE Transactions on Power Apparatus and Systems",
    %type     = "", 
    %number   = "",
    %address  = "",
    year      = "1976",
    %month    = "",
    %note     = "",
}
@report{CarpentierToBeModern,
	author = {J Carpentier},
    title     = "'{T}o be or not to be modern' that is the question for automatic generation control (point of view of a utility engineer)",
    institution = "International Journal of Electrical Power \& Energy Systems",
    %type     = "", 
    %number   = "",
    %address  = "",
    year      = "1985",
    %month    = "",
    %note     = "",
}
@report{MobarakAGC,
	author = {Youseff Mobarak},
    title     = "Effects of the Droop Speed Governor and Automatic Generation Control AGC on Generator Load Sharing of Power System",
    institution = "International Journal of Applied Power Engineering",
    %type     = "", 
    %number   = "",
    %address  = "",
    year      = "2015",
    %month    = "",
    %note     = "",
}
@report{AGCpartII,
	author = {F. P. deMello and R.J. Mills},
    title     = "Automatic Generation Control Part {II} - Digital Control Techniques",
    institution = "IEEE PES Summer Meeting",
    %type     = "", 
    %number   = "",
    %address  = "",
    year      = "1972",
    %month    = "",
    %note     = "",
}
@report{GRPF,
	author = {Young Gon Kim and Hwachang Song and Byongjun Lee},
    title     = "Governor-Response Power Flow (GRPF) Based Long-term Voltage Stability Simulation",
    institution = "IEEE T\&D Asia",
    %type     = "", 
    %number   = "",
    %address  = "",
    year      = "2009",
    %month    = "",
    %note     = "",
}
@report{GishAGC,
	author = {William B. Gish},
    title     = "Automatic Generation Control Algorithm - General Concepts and Application to the Watertown Energy Control Center",
    institution = "Bureau of Reclamation Engineering and Research Center",
    %type     = "", 
    %number   = "",
    %address  = "",
    year      = "1980",
    %month    = "",
    %note     = "",
}
@online{AgentBasedYoutube,
        title = { Agent-Based Modeling: What is Agent-Based Modeling?},
        date = {2018},
        organization = {Youtube},
        author = {Bill Rand},
        url = {https://www.youtube.com/watch?v=FVmQbfsOkGc},
}
@manual{PSLFtraining,
	title		= "Mechanics of Running PSLF Dynamics",
	author		= "{GE Energy}",
	%organization	= "",
	%address	= "",
	%edition	= "",
	year		= "2015",
	%month		= "",
	%note		= "",
}
@manual{PSLFmanual,
	title		= "{PSLF User's Manual}",
	author		= "{General Electric International, Inc}",
	%organization	= "",
	%address	= "",
	%edition	= "",
	year		= "2016",
	%month		= "",
	%note		= "",
}
@book{SauerPaiChow,
	author = {Peter W. Sauer and M. A. Pai and Jow H. Chow},
	title = {Power System Dynamics and Stability With Synchrophasor Measurement and Power System Toolbox},
	date = {2018},
	edition = {Second Edition},
	publisher = { John Wiley \& Sons Ltd},
}
@online{powersystemSVG,
        title = {Electricity\_grid\_simple-\_North\_America.svg},
        date = {2008},
        organization = {United States Department of Energy},
        author = {J JMesserly},
        url = {https://commons.wikimedia.org/wiki/File:Electricity_grid_simple-_North_America.svg},
}
@online{USgenerationMAP,
        title = {july2019map.png},
        date = {2019},
        organization = {U.S. Energy Information Administration},
        %author = {},
        url = {https://www.eia.gov/electricity/data/eia860m/},
}
@online{UStransmissionMAP,
        title = {U.S. Energy Mapping System},
        date = {2019},
        organization = {U.S. Energy Information Administration},
        %author = {},
        url = {https://www.eia.gov/state/maps.php?v=Electricity},
}
@report{NAtransmissionMAP,
	author = {Paul W. Parfomak},
    title     = "Physical Security of the U.S. Power Grid: High-Voltage Transformer Substations",
    institution = "Congressional Research Service",
    %type     = "", 
    %number   = "",
    %address  = "",
    year      = "2014",
    %month    = "",
    %note     = "",
}
@online{ercotInterconnections,
        title = {ERCOT-Internconnection\_Branded.jpg},
        date = {2017},
        organization = {ERCOT},
        %author = {},
        url = {http://www.ercot.com/news/mediakit/maps},
}
@online{MTlegReport,
        title = {Montana Electric Transmission Grid: Operation, Congestion, and Issues},
        date = {2004},
        organization = {DEQ},
        %author = {},
        url = {https://leg.mt.gov/content/publications/Environmental/2004deq_energy_report/transmission.pdf},
}
@online{BAinformation,
        title = {U.S. Electric System Operating Data},
        date = {2019},
        organization = {U.S. Energy Information Administration},
        %author = {},
        url = {https://www.eia.gov/realtime_grid/},
}
@report{freqScale,
	author = "{NERC Resources Subcommittee}",
    title     = "Balancing and Frequency Control",
    institution = "North American Electric Reliability Corporation",
    %type     = "", 
    %number   = "",
    %address  = "",
    year      = "2011",
    %month    = "",
    %note     = "",
}
@online{ctrlTimeScale,
        title = {Generator Governor and Information Settings Webinar},
        date = {2010},
        organization = {North American Electric Reliability Corporation},
        author = {Robert W. Cummings and William Herbsleb and Sydney Niemeyer},
        url = {https://www.nerc.com/files/gen-governor-info-093010.pdf},
}
@MastersThesis{RJminiWECC,
	author = {Robin Hallett},
	title = {IMPROVING A TRANSIENT STABILITY CONTROL SCHEME WITH WIDE-AREA SYNCHROPHASORS AND THE MICROWECC, A REDUCED-ORDER MODEL OF THE WESTERN INTERCONNECT},
	school = {Montana Tech},
	year = {2018},
}
@report{NERCgovStandards,
	author = "{NERC Resources Subcommittee}",
	title     = "BAL-001-TRE-1 â€” Primary Frequency Response in the ERCOT Region",
	institution = "North American Electric Reliability Corporation",
	%type     = "", 
	%number   = "",
	%address  = "",
	year      = "2016",
	%month    = "",
	%note     = "",
}
@report{kou2016,
	author = {Gefei Kou and Penn Markham and Stanton Hadley and Tom King and Yilu Liu},
	title     = "Impact of Governor Deadband on Frequency response of U.S. Eastern Interconnection",
	institution = "IEEE Transactions on Smart Grid",
	%type     = "", 
	%number   = "",
	%address  = "",
	year      = "2016",
	%month    = "",
	%note     = "",
}
@report{sandia2015,
	author = {Juan {Sanchez-Gasca} and Matt Donnelly and Ricky Concepcion and Abraham Ellis and Ryan Elliott},
	title     = "Dynamic Simulation over Long Time Periods with 100\% Solar Generation",
	institution = "Sandia National Laboratories",
	%type     = "", 
	number   = "SAND2015-11084R",
	%address  = "",
	year      = "2015",
	%month    = "",
	%note     = "",
}
@report{trudnowski2012,
	author = {Dan Trudnowski},
	title     = "Properties of the Dominant Inter-Area Modes in the WECC Interconnect",
	institution = "Montana Tech",
	%type     = "", 
	%number   = "",
	%address  = "",
	year      = "2012",
	%month    = "",
	%note     = "",
}
@report{nercFRI2012,
	author = {NERC},
	title     = "Frequency Response Initiative Report",
	institution = "North American Electric Reliability Corporation",
	%type     = "", 
	%number   = "",
	%address  = "",
	year      = "2012",
	%month    = "",
	%note     = "",
}
@report{nercFRAA2018,
	author = {NERC},
	title     = "Frequency Response Annual Analysis",
	institution = "North American Electric Reliability Corporation",
	%type     = "", 
	%number   = "",
	%address  = "",
	year      = "2018",
	%month    = "",
	%note     = "",
}
@report{ferc2018,
	author = {FERC},
	title     = "Essential Reliability Services and the Evolving Bulk-Power Systemâ€“Primary Frequency Response",
	institution = "{Federal Energy Regulatory Commission}",
	type     = "Docket No. RM16-6-000", 
	number   = "Order No. 842",
	%address  = "",
	year      = "2018",
	month    = "February",
	%note     = "",
}
}